@article{ Orio,
Author = {Orio, Maylis and Pantazis, Dimitrios A. and Neese, Frank},
Title = {{Density functional theory}},
Journal = {{PHOTOSYNTHESIS RESEARCH}},
Year = {{2009}},
Volume = {{102}},
Number = {{2-3, SI}},
Pages = {{443-453}},
Month = {{DEC}},
DOI = {{10.1007/s11120-009-9404-8}},
ISSN = {{0166-8595}},
EISSN = {{1573-5079}},
ResearcherID-Numbers = {{Pantazis, Dimitrios A./A-2434-2010
   Vandenberghe, William/L-2998-2017
   Orio, Maylis/J-6355-2015
   Neese, Frank/J-4959-2014}},
ORCID-Numbers = {{Pantazis, Dimitrios A./0000-0002-2146-9065
   Orio, Maylis/0000-0002-9317-8005
   Neese, Frank/0000-0003-4691-0547}},
Unique-ID = {{WOS:000271795400030}},
}

@article{ Bretonnet,
Author = {Bretonnet, Jean-Louis},
Title = {{Basics of the density functional theory}},
Journal = {{AIMS MATERIALS SCIENCE}},
Year = {{2017}},
Volume = {{4}},
Number = {{6}},
Pages = {{1372-1405}},
DOI = {{10.3934/matersci.2017.6.1372}},
ISSN = {{2372-0468}},
EISSN = {{2372-0484}},
Unique-ID = {{WOS:000428531300010}},
}

@article{Grimme2006,
author = {Grimme, Stefan},
title = {Semiempirical GGA-type density functional constructed with a long-range dispersion correction},
journal = {Journal of Computational Chemistry},
volume = {27},
number = {15},
pages = {1787-1799},
keywords = {density functional theory, generalized gradient approximation, van der Waals interactions, thermochemistry},
doi = {https://doi.org/10.1002/jcc.20495},
url = {https://onlinelibrary.wiley.com/doi/abs/10.1002/jcc.20495},
eprint = {https://onlinelibrary.wiley.com/doi/pdf/10.1002/jcc.20495},
year = {2006}
}


@article{Grimme2011,
Author = {Grimme, Stefan},
Title = {{Density functional theory with London dispersion corrections}},
Journal = {{WILEY INTERDISCIPLINARY REVIEWS-COMPUTATIONAL MOLECULAR SCIENCE}},
Year = {{2011}},
Volume = {{1}},
Number = {{2}},
Pages = {{211-228}},
Month = {{MAR-APR}},
DOI = {{10.1002/wcms.30}},
ISSN = {{1759-0876}},
EISSN = {{1759-0884}},
ResearcherID-Numbers = {{Grimme, Stefan/B-2873-2010}},
Unique-ID = {{WOS:000296004500006}},
}

@article{Grimme2010,
author = {Grimme, Stefan and Antony, Jens and Ehrlich, Stephan and Krieg, Helge},
year = {2010},
month = {04},
pages = {154104},
title = {A Consistent and Accurate Ab Initio Parametrization of Density Functional Dispersion Correction (DFT-D) for the 94 Elements H-Pu},
volume = {132},
journal = {The Journal of chemical physics},
doi = {10.1063/1.3382344}
}
