
@article{ WOS:000271795400030,
Author = {Orio, Maylis and Pantazis, Dimitrios A. and Neese, Frank},
Title = {{Density functional theory}},
Journal = {{PHOTOSYNTHESIS RESEARCH}},
Year = {{2009}},
Volume = {{102}},
Number = {{2-3, SI}},
Pages = {{443-453}},
Month = {{DEC}},
DOI = {{10.1007/s11120-009-9404-8}},
ISSN = {{0166-8595}},
EISSN = {{1573-5079}},
ResearcherID-Numbers = {{Pantazis, Dimitrios A./A-2434-2010
   Vandenberghe, William/L-2998-2017
   Orio, Maylis/J-6355-2015
   Neese, Frank/J-4959-2014}},
ORCID-Numbers = {{Pantazis, Dimitrios A./0000-0002-2146-9065
   Orio, Maylis/0000-0002-9317-8005
   Neese, Frank/0000-0003-4691-0547}},
Unique-ID = {{WOS:000271795400030}},
}
