
@article{ WOS:000632816700005,
Author = {Adhikari, Santosh and Nepal, Niraj K. and Tang, Hong and Ruzsinszky,
   Adrienn},
Title = {{Describing adsorption of benzene, thiophene, and xenon on coinage metals
   by using the Zaremba-Kohn theory-based model}},
Journal = {{JOURNAL OF CHEMICAL PHYSICS}},
Year = {{2021}},
Volume = {{154}},
Number = {{12}},
Month = {{MAR 28}},
DOI = {{10.1063/5.0042719}},
Article-Number = {{124705}},
ISSN = {{0021-9606}},
EISSN = {{1089-7690}},
ORCID-Numbers = {{Adhikari, Santosh/0000-0003-0551-4919
   Nepal, Niraj/0000-0002-7281-3268}},
Unique-ID = {{WOS:000632816700005}},
}
