@article{johnson2005a,
  author = {Johnson, E.R. and Becke, A.D.},
  title = {A post-Hartree-Fock model of intermolecular interactions},
  date = {2005},
  volume = {123},
  pages = {024101},
  language = {en},
  journal = {J. Chem. Phys}
}
@article{johnson2006a,
  author = {Johnson, E.R. and Becke, A.D.},
  title = {A post-Hartree-Fock model of intermolecular interactions: Inclusion of higher-order corrections},
  date = {2006},
  volume = {124},
  pages = {174104},
  language = {en},
  journal = {J. Chem. Phys}
}
