
@article{ WOS:000691508600005,
Author = {Boungou, C. C. and Bouka-Pivoteau, G. B. and Malonda-Boungou, B. R. and
   N'dollo, M. and Moussounda, P. S. and Raji, A. T. and Kanga, E.},
Title = {{Adsorption and coadsorption of H and Li on Ag(100) surface: DFT studies
   including dispersion correction}},
Journal = {{COMPUTATIONAL CONDENSED MATTER}},
Year = {{2021}},
Volume = {{28}},
Month = {{SEP}},
DOI = {{10.1016/j.cocom.2021.e00582}},
Article-Number = {{e00582}},
ISSN = {{2352-2143}},
Unique-ID = {{WOS:000691508600005}},
}
