
@article{ WOS:000428531300010,
Author = {Bretonnet, Jean-Louis},
Title = {{Basics of the density functional theory}},
Journal = {{AIMS MATERIALS SCIENCE}},
Year = {{2017}},
Volume = {{4}},
Number = {{6}},
Pages = {{1372-1405}},
DOI = {{10.3934/matersci.2017.6.1372}},
ISSN = {{2372-0468}},
EISSN = {{2372-0484}},
Unique-ID = {{WOS:000428531300010}},
}
