@article{article,
author = {Chen, De-Li and Saidi, Wissam and Johnson, Karl},
year = {2012},
month = {10},
pages = {424211},
title = {The Role of van der Waals Interactions in the Adsorption of Noble Gases on Metal Surfaces},
volume = {24},
journal = {Journal of physics. Condensed matter : an Institute of Physics journal},
doi = {10.1088/0953-8984/24/42/424211}
}