
@article{ WOS:000379703800029,
Author = {Christian, Matthew S. and Otero-de-la-Roza, Alberto and Johnson, Erin R.},
Title = {{Surface Adsorption from the Exchange-Hole Dipole Moment Dispersion Model}},
Journal = {{JOURNAL OF CHEMICAL THEORY AND COMPUTATION}},
Year = {{2016}},
Volume = {{12}},
Number = {{7}},
Pages = {{3305-3315}},
Month = {{JUL}},
DOI = {{10.1021/acs.jctc.6b00222}},
ISSN = {{1549-9618}},
EISSN = {{1549-9626}},
ResearcherID-Numbers = {{Otero de la Roza, Alberto/ABC-3254-2021
   }},
ORCID-Numbers = {{Johnson, Erin/0000-0002-5651-468X
   Otero de la Roza, Alberto/0000-0002-6334-3516}},
Unique-ID = {{WOS:000379703800029}},
}
