
@article{ WOS:000222112900042,
Author = {Dion, M and Rydberg, H and Schroder, E and Langreth, DC and Lundqvist,
   BI},
Title = {{Van der Waals density functional for general geometries}},
Journal = {{PHYSICAL REVIEW LETTERS}},
Year = {{2004}},
Volume = {{92}},
Number = {{24}},
Month = {{JUN 18}},
DOI = {{10.1103/PhysRevLett.92.246401}},
Article-Number = {{246401}},
ISSN = {{0031-9007}},
ResearcherID-Numbers = {{Schroder, Elsebeth/A-2030-2011
   Lundqvist, Bengt I/A-9013-2011}},
ORCID-Numbers = {{Schroder, Elsebeth/0000-0003-4995-3585
   }},
Unique-ID = {{WOS:000222112900042}},
}
