
@article{ WOS:000293172300008,
Author = {Hujo, Waldemar and Grimme, Stefan},
Title = {{Comparison of the performance of dispersion-corrected density functional
   theory for weak hydrogen bonds}},
Journal = {{PHYSICAL CHEMISTRY CHEMICAL PHYSICS}},
Year = {{2011}},
Volume = {{13}},
Number = {{31}},
Pages = {{13942-13950}},
DOI = {{10.1039/c1cp20591a}},
ISSN = {{1463-9076}},
EISSN = {{1463-9084}},
ResearcherID-Numbers = {{Grimme, Stefan/B-2873-2010
   Hujo, Waldemar/E-9920-2011}},
Unique-ID = {{WOS:000293172300008}},
}
