@article{https://doi.org/10.1002/jcc.20495,
author = {Grimme, Stefan},
title = {Semiempirical GGA-type density functional constructed with a long-range dispersion correction},
journal = {Journal of Computational Chemistry},
volume = {27},
number = {15},
pages = {1787-1799},
keywords = {density functional theory, generalized gradient approximation, van der Waals interactions, thermochemistry},
doi = {https://doi.org/10.1002/jcc.20495},
url = {https://onlinelibrary.wiley.com/doi/abs/10.1002/jcc.20495},
eprint = {https://onlinelibrary.wiley.com/doi/pdf/10.1002/jcc.20495},
year = {2006}
}

