
@article{ WOS:000296004500006,
Author = {Grimme, Stefan},
Title = {{Density functional theory with London dispersion corrections}},
Journal = {{WILEY INTERDISCIPLINARY REVIEWS-COMPUTATIONAL MOLECULAR SCIENCE}},
Year = {{2011}},
Volume = {{1}},
Number = {{2}},
Pages = {{211-228}},
Month = {{MAR-APR}},
DOI = {{10.1002/wcms.30}},
ISSN = {{1759-0876}},
EISSN = {{1759-0884}},
ResearcherID-Numbers = {{Grimme, Stefan/B-2873-2010}},
Unique-ID = {{WOS:000296004500006}},
}
