
@article{ Grimme2011-VV10-LDA-GGA-Pairing,
Author = {Hujo, Waldemar and Grimme, Stefan},
Title = {{Performance of the van der Waals Density Functional VV10 and (hybrid)GGA
   Variants for Thermochemistry and Noncovalent Interactions}},
Journal = {{JOURNAL OF CHEMICAL THEORY AND COMPUTATION}},
Year = {{2011}},
Volume = {{7}},
Number = {{12}},
Pages = {{3866-3871}},
Month = {{DEC}},
DOI = {{10.1021/ct200644w}},
ISSN = {{1549-9618}},
EISSN = {{1549-9626}},
ResearcherID-Numbers = {{Grimme, Stefan/B-2873-2010}},
Unique-ID = {{WOS:000298118000003}},
}
