@article{article,
author = {Grimme, Stefan and Antony, Jens and Ehrlich, Stephan and Krieg, Helge},
year = {2010},
month = {04},
pages = {154104},
title = {A Consistent and Accurate Ab Initio Parametrization of Density Functional Dispersion Correction (DFT-D) for the 94 Elements H-Pu},
volume = {132},
journal = {The Journal of chemical physics},
doi = {10.1063/1.3382344}
}