
@article{ WOS:000364614000035,
Author = {Ilawe, Niranjan V. and Zimmerman, Jonathan A. and Wong, Bryan M.},
Title = {{Breaking Badly: DFT-D2 Gives Sizeable Errors for Tensile Strengths in
   Palladium-Hydride Solids}},
Journal = {{JOURNAL OF CHEMICAL THEORY AND COMPUTATION}},
Year = {{2015}},
Volume = {{11}},
Number = {{11}},
Pages = {{5426-5435}},
Month = {{NOV}},
DOI = {{10.1021/acs.jctc.5b00653}},
ISSN = {{1549-9618}},
EISSN = {{1549-9626}},
ResearcherID-Numbers = {{Wong, Bryan/B-1663-2009}},
ORCID-Numbers = {{Wong, Bryan/0000-0002-3477-8043}},
Unique-ID = {{WOS:000364614000035}},
}
