
@article{ WOS:000333212300011,
Author = {Kim, Hanchul},
Title = {{Effect of van der Waals interaction on the structural and cohesive
   properties of black phosphorus}},
Journal = {{JOURNAL OF THE KOREAN PHYSICAL SOCIETY}},
Year = {{2014}},
Volume = {{64}},
Number = {{4}},
Pages = {{547-553}},
Month = {{FEB}},
DOI = {{10.3938/jkps.64.547}},
ISSN = {{0374-4884}},
EISSN = {{1976-8524}},
Unique-ID = {{WOS:000333212300011}},
}
