
@article{ WOS:000397942800003,
Author = {Kovacs, Attila and Dobrowolski, Jan Cz. and Ostrowski, Slawomir and
   Rode, Joanna E.},
Title = {{Benchmarking density functionals in conjunction with Grimme's dispersion
   correction for noble gas dimers (Ne-2, Ar-2, Kr-2, Xe-2, Rn-2)}},
Journal = {{INTERNATIONAL JOURNAL OF QUANTUM CHEMISTRY}},
Year = {{2017}},
Volume = {{117}},
Number = {{9}},
Month = {{MAY 5}},
DOI = {{10.1002/qua.25358}},
Article-Number = {{e25358}},
ISSN = {{0020-7608}},
EISSN = {{1097-461X}},
ResearcherID-Numbers = {{Dobrowolski, Jan Cz/F-4723-2013}},
Unique-ID = {{WOS:000397942800003}},
}
