
@article{ WOS:000262897400004,
Author = {Langreth, D. C. and Lundqvist, B. I. and Chakarova-Kack, S. D. and
   Cooper, V. R. and Dion, M. and Hyldgaard, P. and Kelkkanen, A. and
   Kleis, J. and Kong, Lingzhu and Li, Shen and Moses, P. G. and Murray, E.
   and Puzder, A. and Rydberg, H. and Schroder, E. and Thonhauser, T.},
Title = {{A density functional for sparse matter}},
Journal = {{JOURNAL OF PHYSICS-CONDENSED MATTER}},
Year = {{2009}},
Volume = {{21}},
Number = {{8}},
Month = {{FEB 25}},
DOI = {{10.1088/0953-8984/21/8/084203}},
Article-Number = {{084203}},
ISSN = {{0953-8984}},
EISSN = {{1361-648X}},
}
