
@article{ WOS:000334571700042,
Author = {Moellmann, Jonas and Grimme, Stefan},
Title = {{DFT-D3 Study of Some Molecular Crystals}},
Journal = {{JOURNAL OF PHYSICAL CHEMISTRY C}},
Year = {{2014}},
Volume = {{118}},
Number = {{14}},
Pages = {{7615-7621}},
Month = {{APR 10}},
DOI = {{10.1021/jp501237c}},
ISSN = {{1932-7447}},
EISSN = {{1932-7455}},
ResearcherID-Numbers = {{Grimme, Stefan/B-2873-2010}},
Unique-ID = {{WOS:000334571700042}},
}
