
@article{ WOS:000560798600004,
Author = {Otero-de-la-Roza, A. and Johnson, Erin R.},
Title = {{Application of XDM to ionic solids: The importance of dispersion for
   bulk moduli and crystal geometries}},
Journal = {{JOURNAL OF CHEMICAL PHYSICS}},
Year = {{2020}},
Volume = {{153}},
Number = {{5}},
Month = {{AUG 7}},
DOI = {{10.1063/5.0015133}},
Article-Number = {{054121}},
ISSN = {{0021-9606}},
EISSN = {{1089-7690}},
ResearcherID-Numbers = {{Otero de la Roza, Alberto/ABC-3254-2021
   }},
ORCID-Numbers = {{Otero de la Roza, Alberto/0000-0002-6334-3516
   Johnson, Erin/0000-0002-5651-468X}},
Unique-ID = {{WOS:000560798600004}},
}
