
@article{ WOS:000272803000009,
Author = {Sato, Takeshi and Nakai, Hiromi},
Title = {{Density functional method including weak interactions: Dispersion
   coefficients based on the local response approximation}},
Journal = {{JOURNAL OF CHEMICAL PHYSICS}},
Year = {{2009}},
Volume = {{131}},
Number = {{22}},
Month = {{DEC 14}},
DOI = {{10.1063/1.3269802}},
Article-Number = {{224104}},
ISSN = {{0021-9606}},
EISSN = {{1089-7690}},
ResearcherID-Numbers = {{Nakai, Hiromi/L-8606-2017}},
ORCID-Numbers = {{Nakai, Hiromi/0000-0001-5646-2931}},
Unique-ID = {{WOS:000272803000009}},
}
