
@article{ WOS:000280576600001,
Author = {Lee, Kyuho and Murray, Eamonn D. and Kong, Lingzhu and Lundqvist, Bengt
   I. and Langreth, David C.},
Title = {{Higher-accuracy van der Waals density functional}},
Journal = {{PHYSICAL REVIEW B}},
Year = {{2010}},
Volume = {{82}},
Number = {{8}},
Month = {{AUG 4}},
DOI = {{10.1103/PhysRevB.82.081101}},
Article-Number = {{081101}},
ISSN = {{1098-0121}},
ResearcherID-Numbers = {{Lundqvist, Bengt I/A-9013-2011
   LEE, KYUHO/O-5868-2019
   Lee, Kyuho/B-9370-2008
   Murray, Eamonn/J-8476-2014}},
ORCID-Numbers = {{LEE, KYUHO/0000-0001-9325-3717
   Lee, Kyuho/0000-0001-9325-3717
   Murray, Eamonn/0000-0003-1526-663X}},
Unique-ID = {{WOS:000280576600001}},
}
