
@article{ WOS:000424631900005,
Author = {Schiavo, Eduardo and Munoz-Garcia, Ana B. and Barone, Vincenzo and
   Vittadini, Andrea and Casarin, Maurizio and Forrer, Daniel and Pavone,
   Michele},
Title = {{Tuning dispersion correction in DFT-D2 for metal-molecule interactions:
   A tailored reparameterization strategy for the adsorption of aromatic
   systems on Ag(111)}},
Journal = {{CHEMICAL PHYSICS LETTERS}},
Year = {{2018}},
Volume = {{693}},
Pages = {{28-33}},
Month = {{FEB}},
DOI = {{10.1016/j.cplett.2018.01.005}},
ISSN = {{0009-2614}},
EISSN = {{1873-4448}},
ResearcherID-Numbers = {{Schiavo, Eduardo/G-1576-2018
   Forrer, Daniel/H-1027-2011
   Pavone, Michele/A-5859-2010
   }},
ORCID-Numbers = {{Schiavo, Eduardo/0000-0002-2237-4308
   Forrer, Daniel/0000-0002-1969-3842
   Pavone, Michele/0000-0001-7549-631X
   Barone, Vincenzo/0000-0001-6420-4107}},
Unique-ID = {{WOS:000424631900005}},
}
