
@article{ WOS:000394520200019,
Author = {Schroeder, Heiner and Huehnert, Jens and Schwabe, Tobias},
Title = {{Evaluation of DFT-D3 dispersion corrections for various structural
   benchmark sets}},
Journal = {{JOURNAL OF CHEMICAL PHYSICS}},
Year = {{2017}},
Volume = {{146}},
Number = {{4}},
Month = {{JAN 28}},
DOI = {{10.1063/1.4974840}},
Article-Number = {{044115}},
ISSN = {{0021-9606}},
EISSN = {{1089-7690}},
ResearcherID-Numbers = {{Schwabe, Tobias/F-5249-2010}},
ORCID-Numbers = {{Schwabe, Tobias/0000-0002-0101-8355}},
Unique-ID = {{WOS:000394520200019}},
}
