
@article{ WOS:000257468100011,
Author = {Vydrov, Oleg A. and Wu, Qin and Van Voorhis, Troy},
Title = {{Self-consistent implementation of a nonlocal van der Waals density
   functional with a Gaussian basis set}},
Journal = {{JOURNAL OF CHEMICAL PHYSICS}},
Year = {{2008}},
Volume = {{129}},
Number = {{1}},
Month = {{JUL 7}},
DOI = {{10.1063/1.2948400}},
Article-Number = {{014106}},
ISSN = {{0021-9606}},
EISSN = {{1089-7690}},
ResearcherID-Numbers = {{Vydrov, Oleg A/C-7165-2008
   Wu, Qin/C-9483-2009}},
ORCID-Numbers = {{Wu, Qin/0000-0001-6350-6672}},
Unique-ID = {{WOS:000257468100011}},
}
