
@article{ WOS:000285769200007,
Author = {Vydrov, Oleg A. and Van Voorhis, Troy},
Title = {{Nonlocal van der Waals density functional: The simpler the better}},
Journal = {{JOURNAL OF CHEMICAL PHYSICS}},
Year = {{2010}},
Volume = {{133}},
Number = {{24}},
Month = {{DEC 28}},
DOI = {{10.1063/1.3521275}},
Article-Number = {{244103}},
ISSN = {{0021-9606}},
EISSN = {{1089-7690}},
ResearcherID-Numbers = {{Vydrov, Oleg A/C-7165-2008}},
Unique-ID = {{WOS:000285769200007}},
}
