
@article{ WOS:000268809300020,
Author = {Vydrov, Oleg A. and Van Voorhis, Troy},
Title = {{Nonlocal van der Waals Density Functional Made Simple}},
Journal = {{PHYSICAL REVIEW LETTERS}},
Year = {{2009}},
Volume = {{103}},
Number = {{6}},
Month = {{AUG 7}},
DOI = {{10.1103/PhysRevLett.103.063004}},
Article-Number = {{063004}},
ISSN = {{0031-9007}},
ResearcherID-Numbers = {{Vydrov, Oleg A/C-7165-2008}},
Unique-ID = {{WOS:000268809300020}},
}
