
@article{ WOS:000305092400008,
Author = {Vydrov, Oleg A. and Van Voorhis, Troy},
Title = {{Benchmark Assessment of the Accuracy of Several van der Waals Density
   Functionals}},
Journal = {{JOURNAL OF CHEMICAL THEORY AND COMPUTATION}},
Year = {{2012}},
Volume = {{8}},
Number = {{6}},
Pages = {{1929-1934}},
Month = {{JUN}},
DOI = {{10.1021/ct300081y}},
ISSN = {{1549-9618}},
EISSN = {{1549-9626}},
ResearcherID-Numbers = {{Vydrov, Oleg A/C-7165-2008}},
Unique-ID = {{WOS:000305092400008}},
}
