
@article{ WOS:000229185400008,
Author = {Becke, AD and Johnson, ER},
Title = {{Exchange-hole dipole moment and the ospersion interaction}},
Journal = {{JOURNAL OF CHEMICAL PHYSICS}},
Year = {{2005}},
Volume = {{122}},
Number = {{15}},
Month = {{APR 15}},
DOI = {{10.1063/1.1884601}},
Article-Number = {{154104}},
ISSN = {{0021-9606}},
ORCID-Numbers = {{Johnson, Erin/0000-0002-5651-468X}},
Unique-ID = {{WOS:000229185400008}},
}
