
@article{ WOS:000250295900009,
Author = {Becke, Axel D. and Johnson, Erin R.},
Title = {{Exchange-hole dipole moment and the dispersion interaction revisited}},
Journal = {{JOURNAL OF CHEMICAL PHYSICS}},
Year = {{2007}},
Volume = {{127}},
Number = {{15}},
Month = {{OCT 21}},
DOI = {{10.1063/1.2795701}},
Article-Number = {{154108}},
ISSN = {{0021-9606}},
EISSN = {{1089-7690}},
ORCID-Numbers = {{Johnson, Erin/0000-0002-5651-468X}},
Unique-ID = {{WOS:000250295900009}},
}
